% This file was created with JabRef 2.8.1.
% Encoding: UTF8

@MANUAL{Beamer2013,
  title = {The beamer class},
  author = {Tantau,Till  and Wright,Joseph and MiletiÄ‡,Vedran},
  year = {2013},
  owner = {bbaeten},
  timestamp = {2015.04.17}
}

@comment{jabref-meta: groupsversion:3;}

@comment{jabref-meta: groupstree:
0 AllEntriesGroup:;
1 ExplicitGroup:thermal energy storage\;0\;;
1 ExplicitGroup:building simulation\;0\;;
1 ExplicitGroup:optimal control\;0\;;
1 ExplicitGroup:demand side management\;0\;;
}

